@inproceedings{clark2019step,
  title={A Step Towards an Intelligent Aerodynamic Design Process},
  author={Clark, Christopher J},
  booktitle={Turbo Expo: Power for Land, Sea, and Air},
  volume={58578},
  pages={V02CT41A033},
  year={2019},
  organization={American Society of Mechanical Engineers}
}

@book{geron2022hands,
  title={Hands-on machine learning with Scikit-Learn, Keras, and TensorFlow},
  author={G{\'e}ron, Aur{\'e}lien},
  year={2022},
  publisher={O'Reilly Media}
}

@book{howard2020deep,
  title={Deep Learning for Coders with fastai and PyTorch},
  author={Howard, Jeremy and Gugger, Sylvain},
  year={2020},
  publisher={O'Reilly Media}
}

@article{kulfan2008universal,
  title={Universal parametric geometry representation method},
  author={Kulfan, Brenda M},
  journal={Journal of aircraft},
  volume={45},
  number={1},
  pages={142--158},
  year={2008}
}

@article{nelder1965simplex,
  title={A simplex method for function minimization},
  author={Nelder, John A and Mead, Roger},
  journal={The computer journal},
  volume={7},
  number={4},
  pages={308--313},
  year={1965},
  publisher={The British Computer Society}
}

@article{drela1998user,
  title={A User's Guide to MISES 2.53},
  author={Drela, Mark and Youngren, Harold},
  journal={Massachusetts Institute of Technology, Cambridge, MA},
  year={1998}
}

